<record><leader>00000cas a22000007a 4500</leader><controlfield tag="001">14771996</controlfield><controlfield tag="008">861120d19281972txudr ne      0    0eng d</controlfield><datafield ind1=" " ind2=" " tag="010"><subfield code="a">sn 86090020 </subfield></datafield><datafield ind1=" " ind2=" " tag="040"><subfield code="a">PPM</subfield><subfield code="b">eng</subfield><subfield code="c">PPM</subfield><subfield code="d">OCLCQ</subfield></datafield><datafield ind1=" " ind2=" " tag="042"><subfield code="a">msc</subfield></datafield><datafield ind1="0" ind2="4" tag="245"><subfield code="a">The Big Spring daily herald.</subfield></datafield><datafield ind1=" " ind2=" " tag="260"><subfield code="a">Big Spring, Tex. :</subfield><subfield code="b">T.E. Jordan,</subfield><subfield code="c">1928-</subfield></datafield><datafield ind1=" " ind2=" " tag="300"><subfield code="a">v. :</subfield><subfield code="b">ill. ;</subfield><subfield code="c">57 cm.</subfield></datafield><datafield ind1=" " ind2=" " tag="310"><subfield code="a">Daily</subfield></datafield><datafield ind1="0" ind2=" " tag="362"><subfield code="a">Vol. 1, no. 1 (June 3, 1928)-v. 44, no. 317 (June 2, 1972).</subfield></datafield><datafield ind1=" " ind2=" " tag="752"><subfield code="a">United States</subfield><subfield code="b">Texas</subfield><subfield code="c">Howard</subfield><subfield code="d">Big Spring.</subfield></datafield><datafield ind1="0" ind2=" " tag="775"><subfield code="t">Big Spring herald</subfield><subfield code="w">(DLC)sn 83005431</subfield></datafield><datafield ind1="0" ind2="5" tag="780"><subfield code="t">Big Spring herald</subfield><subfield code="w">(DLC)sn 83005431</subfield></datafield><datafield ind1="0" ind2="0" tag="785"><subfield code="t">Big Spring herald (Big Spring, Tex. : 1972)</subfield><subfield code="w">(DLC)sn 86090646</subfield></datafield><datafield ind1="1" ind2=" " tag="029"><subfield code="a">AU@</subfield><subfield code="b">000020430264</subfield></datafield></record>